@inproceedings{Frome2013DeViSEAD,
  title={DeViSE: A Deep Visual-Semantic Embedding Model},
  author={Andrea Frome and Gregory S. Corrado and Jonathon Shlens and Samy Bengio and Jeffrey Dean and Marc'Aurelio Ranzato and Tomas Mikolov},
  booktitle={Neural Information Processing Systems},
  year={2013},
  url={https://api.semanticscholar.org/CorpusID:261138}
}

@inproceedings{du2023guiding,
  title={Guiding Pretraining in Reinforcement Learning with Large Language Models},
  author={Yuqing Du and Olivia Watkins and Zihan Wang and C{\'e}dric Colas and Trevor Darrell and P. Abbeel and Abhishek Gupta and Jacob Andreas},
  booktitle={International Conference on Machine Learning},
  year={2023},
  url={https://api.semanticscholar.org/CorpusID:256846700}
}

@inproceedings{Goyal2019UsingNL,
  title     = {Using Natural Language for Reward Shaping in Reinforcement Learning},
  author    = {Prasoon Goyal and others},
  booktitle = {International Joint Conference on Artificial Intelligence},
  year      = {2019},
  url       = {https://api.semanticscholar.org/CorpusID:70350059}
}


@inproceedings{Goyal2020PixL2RGR,
  title={PixL2R: Guiding Reinforcement Learning using Natural Language by Mapping Pixels to Rewards},
  author={Goyal, Prasoon and others},
  booktitle={Language in Reinforcement Learning Workshop at ICML 2020},
  year={2020},
}


@article{Kaplan2017BeatingAW,
  title   = {Beating Atari with Natural Language Guided Reinforcement Learning},
  author  = {Russell Kaplan and others},
  journal = {ArXiv},
  year    = {2017},
  volume  = {abs/1704.05539},
  url     = {https://api.semanticscholar.org/CorpusID:6022828}
}

@article{Wang2018ReinforcedCM,
  title   = {Reinforced Cross-Modal Matching and Self-Supervised Imitation Learning for Vision-Language Navigation},
  author  = {Xin Eric Wang and Qiuyuan Huang and Asli Celikyilmaz and Jianfeng Gao and Dinghan Shen and Yuan-fang Wang and William Yang Wang and Lei Zhang},
  journal = {2019 IEEE/CVF Conference on Computer Vision and Pattern Recognition (CVPR)},
  year    = {2018},
  pages   = {6622-6631},
  url     = {https://api.semanticscholar.org/CorpusID:53735892}
}

@inproceedings{Zhang2021NovelDAS,
  title={NovelD: A Simple yet Effective Exploration Criterion},
  author={Tianjun Zhang and Huazhe Xu and Xiaolong Wang and Yi Wu and Kurt Keutzer and Joseph E. Gonzalez and Yuandong Tian},
  booktitle={Neural Information Processing Systems},
  year={2021},
  url={https://api.semanticscholar.org/CorpusID:245877021}
}

@inproceedings{Burda2018ExplorationBR,
  title={Exploration by random network distillation},
  author={Burda, Yuri and Edwards, Harrison and Storkey, Amos and Klimov, Oleg},
  booktitle={International Conference on Learning Representations},
  year={2018},
}


@inproceedings{Wan2023DEIREA,
  title={DEIR: Efficient and Robust Exploration through Discriminative-Model-Based Episodic Intrinsic Rewards},
  author={Shanchuan Wan and Yujin Tang and Yingtao Tian and Tomoyuki Kaneko},
  booktitle={International Joint Conference on Artificial Intelligence},
  year={2023},
  url={https://api.semanticscholar.org/CorpusID:258291756}
}

@inproceedings{Shridhar2021CLIPortWA,
  title={Cliport: What and where pathways for robotic manipulation},
  author={Shridhar, Mohit and others},
  booktitle={Conference on robot learning},
  pages={894--906},
  year={2022},
  organization={PMLR}
}


@inproceedings{Mahmoudieh2022ZeroShotRS,
  title={Zero-Shot Reward Specification via Grounded Natural Language},
  author={Parsa Mahmoudieh and others},
  booktitle={International Conference on Machine Learning},
  year={2022},
  url={https://api.semanticscholar.org/CorpusID:250340669}
}

@article{Abel2021OnTE,
  title={On the expressivity of markov reward},
  author={Abel, David and Dabney, Will and Harutyunyan, Anna and Ho, Mark K and Littman, Michael and Precup, Doina and Singh, Satinder},
  journal={Advances in Neural Information Processing Systems},
  volume={34},
  pages={7799--7812},
  year={2021}
}


@inproceedings{Radford2021LearningTV,
  title={Learning Transferable Visual Models From Natural Language Supervision},
  author={Alec Radford and Jong Wook Kim and Chris Hallacy and Aditya Ramesh and Gabriel Goh and Sandhini Agarwal and Girish Sastry and Amanda Askell and Pamela Mishkin and Jack Clark and Gretchen Krueger and Ilya Sutskever},
  booktitle={International Conference on Machine Learning},
  year={2021},
  url={https://api.semanticscholar.org/CorpusID:231591445}
}


@inproceedings{Wang2023DescribeEP,
  title={Describe, Explain, Plan and Select: Interactive Planning with LLMs Enables Open-World Multi-Task Agents},
  author={Zihao Wang and Shaofei Cai and Guanzhou Chen and Anji Liu and Xiaojian Ma and Yitao Liang},
  booktitle={Neural Information Processing Systems},
  year={2023},
  url={https://api.semanticscholar.org/CorpusID:268042457}
}

@article{Christiano2017DeepRL,
  title={Deep reinforcement learning from human preferences},
  author={Christiano, Paul F and Leike, Jan and Brown, Tom and Martic, Miljan and Legg, Shane and Amodei, Dario},
  journal={Advances in neural information processing systems},
  volume={30},
  year={2017}
}

@article{Ouyang2022TrainingLM,
  title={Training language models to follow instructions with human feedback},
  author={Ouyang, Long and Wu, Jeffrey and Jiang, Xu and Almeida, Diogo and Wainwright, Carroll and Mishkin, Pamela and Zhang, Chong and Agarwal, Sandhini and Slama, Katarina and Ray, Alex and others},
  journal={Advances in neural information processing systems},
  volume={35},
  pages={27730--27744},
  year={2022}
}


@inproceedings{pitis2023failure,
  title={Failure modes of learning reward models for llms and other sequence models},
  author={Pitis, Silviu},
  booktitle={ICML 2023 Workshop The Many Facets of Preference-Based Learning},
  year={2023}
}

@inproceedings{Ghosal2022TheEO,
  title={The Effect of Modeling Human Rationality Level on Learning Rewards from Multiple Feedback Types},
  author={Gaurav R. Ghosal and Matthew Zurek and Daniel S. Brown and Anca D. Dragan},
  booktitle={AAAI Conference on Artificial Intelligence},
  year={2022},
  url={https://api.semanticscholar.org/CorpusID:251740992}
}

@article{Adeniji2023LanguageRM,
  title={Language Reward Modulation for Pretraining Reinforcement Learning},
  author={Ademi Adeniji and Amber Xie and Carmelo Sferrazza and Younggyo Seo and Stephen James and P. Abbeel},
  journal={ArXiv},
  year={2023},
  volume={abs/2308.12270},
  url={https://api.semanticscholar.org/CorpusID:261075941}
}

@article{hornik1989multilayer,
  title={Multilayer feedforward networks are universal approximators},
  author={Hornik, Kurt and others},
  journal={Neural networks},
  volume={2},
  number={5},
  pages={359--366},
  year={1989},
  publisher={Elsevier}
}

@article{agarwal2021theory,
  title={On the Theory of Policy Gradient Methods: Optimality, Approximation, and Distribution Shift.},
  author={Agarwal, Alekh and Kakade, Sham M and Lee, Jason D and Mahajan, Gaurav},
  journal={J. Mach. Learn. Res.},
  volume={22},
  number={98},
  pages={1--76},
  year={2021}
}

@inproceedings{Icarte2018UsingRM,
  title={Using Reward Machines for High-Level Task Specification and Decomposition in Reinforcement Learning},
  author={Rodrigo Toro Icarte and Toryn Q. Klassen and Richard Anthony Valenzano and Sheila A. McIlraith},
  booktitle={International Conference on Machine Learning},
  year={2018},
  url={https://api.semanticscholar.org/CorpusID:51868784}
}

@inproceedings{Corazza2022ReinforcementLW,
  title={Reinforcement Learning with Stochastic Reward Machines},
  author={Jan Corazza and others},
  booktitle={AAAI Conference on Artificial Intelligence},
  year={2022},
  url={https://api.semanticscholar.org/CorpusID:250297195}
}


@inproceedings{Jia2021ScalingUV,
  title={Scaling up visual and vision-language representation learning with noisy text supervision},
  author={Jia, Chao and Yang, Yinfei and Xia, Ye and Chen, Yi-Ting and Parekh, Zarana and Pham, Hieu and Le, Quoc and Sung, Yun-Hsuan and Li, Zhen and Duerig, Tom},
  booktitle={International conference on machine learning},
  pages={4904--4916},
  year={2021},
  organization={PMLR}
}


@inproceedings{pham2020out,
  title={Out of Order: How important is the sequential order of words in a sentence in Natural Language Understanding tasks?},
  author={Pham, Thang and Bui, Trung and Mai, Long and Nguyen, Anh},
  booktitle={Findings of the Association for Computational Linguistics: ACL-IJCNLP 2021},
  pages={1145--1160},
  year={2021}
}



@inproceedings{chevalier2018babyai,
  title={BabyAI: A Platform to Study the Sample Efficiency of Grounded Language Learning},
  author={Chevalier-Boisvert, Maxime and Bahdanau, Dzmitry and Lahlou, Salem and Willems, Lucas and Saharia, Chitwan and Nguyen, Thien Huu and Bengio, Yoshua},
  booktitle={International Conference on Learning Representations},
  year={2018}
}


@inproceedings{Hafner2021BenchmarkingTS,
  title={Benchmarking the Spectrum of Agent Capabilities},
  author={Hafner, Danijar},
  booktitle={Deep RL Workshop NeurIPS 2021},
  year={2021},
}




@article{Bellemare2012TheAL,
  title={The arcade learning environment: An evaluation platform for general agents},
  author={Bellemare, Marc G and Naddaf, Yavar and Veness, Joel and Bowling, Michael},
  journal={Journal of Artificial Intelligence Research},
  volume={47},
  pages={253--279},
  year={2013}
}


@article{Ma2022XCLIPEM,
  title={X-CLIP: End-to-End Multi-grained Contrastive Learning for Video-Text Retrieval},
  author={Yiwei Ma and Guohai Xu and Xiaoshuai Sun and Ming Yan and Ji Zhang and Rongrong Ji},
  journal={Proceedings of the 30th ACM International Conference on Multimedia},
  year={2022},
  url={https://api.semanticscholar.org/CorpusID:250607505}
}


@article{Schulman2017ProximalPO,
  title={Proximal Policy Optimization Algorithms},
  author={John Schulman and Filip Wolski and Prafulla Dhariwal and Alec Radford and Oleg Klimov},
  journal={ArXiv},
  year={2017},
  volume={abs/1707.06347},
  url={https://api.semanticscholar.org/CorpusID:28695052}
}

@article{sadinle2019least,
  title={Least ambiguous set-valued classifiers with bounded error levels},
  author={Sadinle, Mauricio and others},
  journal={Journal of the American Statistical Association},
  volume={114},
  number={525},
  pages={223--234},
  year={2019},
  publisher={Taylor \& Francis}
}

@inproceedings{li2023internally,
  title={Internally rewarded reinforcement learning},
  author={Li, Mengdi and Zhao, Xufeng and Lee, Jae Hee and Weber, Cornelius and Wermter, Stefan},
  booktitle={International Conference on Machine Learning},
  pages={20556--20574},
  year={2023},
  organization={PMLR}
}

@article{su2024roformer,
  title={Roformer: Enhanced transformer with rotary position embedding},
  author={Su, Jianlin and Ahmed, Murtadha and Lu, Yu and Pan, Shengfeng and Bo, Wen and Liu, Yunfeng},
  journal={Neurocomputing},
  volume={568},
  pages={127063},
  year={2024},
  publisher={Elsevier}
}

@inproceedings{moon2023ad,
    title={Discovering Hierarchical Achievements in Reinforcement Learning via Contrastive Learning},
    author={Seungyong Moon and Junyoung Yeom and Bumsoo Park and Hyun Oh Song},
    booktitle={Neural Information Processing Systems},
    year={2023}
}

@inproceedings{fufurl2024,
  title={FuRL: Visual-Language Models as Fuzzy Rewards for Reinforcement Learning},
  author={Fu, Yuwei and Zhang, Haichao and Wu, Di and Xu, Wei and Boulet, Benoit},
  booktitle={Forty-first International Conference on Machine Learning},
  year={2024}
}

@inproceedings{wang2023describe,
  title={Describe, Explain, Plan and Select: Interactive Planning with Large Language Models Enables Open-World Multi-Task Agents},
  author={Wang, Zihao and Cai, Shaofei and Chen, Guanzhou and Liu, Anji and Ma, Xiaojian and Liang, Yitao},
  booktitle={Proceedings of the 37th Conference on Neural Information Processing Systems (NeurIPS 2023)},
  year={2023}
}

@misc{openai_faulty_rewards2016,
  title = {Faulty Reward Functions in the Wild},
  author = {Jack Clark},
  howpublished = {\url{https://openai.com/index/faulty-reward-functions/}},
  year = {2016},
  note = {Accessed: 2024-08-06}
}

@article{hossain2022analysis,
  title={An analysis of negation in natural language understanding corpora},
  author={Hossain, Md Mosharaf and others},
  journal={arXiv preprint arXiv:2203.08929},
  year={2022}
}

@article{truong2023language,
  title={Language models are not naysayers: an analysis of language models on negation benchmarks},
  author={Truong, Thinh Hung and Baldwin, Timothy and Verspoor, Karin and Cohn, Trevor},
  journal={arXiv preprint arXiv:2306.08189},
  year={2023}
}

